%YAML 1.1
%TAG !u! tag:unity3d.com,2011:
--- !u!1 &100000
GameObject:
  m_ObjectHideFlags: 1
  m_PrefabParentObject: {fileID: 0}
  m_PrefabInternal: {fileID: 100100000}
  serializedVersion: 4
  m_Component:
  - 4: {fileID: 400000}
  m_Layer: 0
  m_Name: Flame_Sprite
  m_TagString: Untagged
  m_Icon: {fileID: 0}
  m_NavMeshLayer: 0
  m_StaticEditorFlags: 0
  m_IsActive: 1
--- !u!1 &100002
GameObject:
  m_ObjectHideFlags: 1
  m_PrefabParentObject: {fileID: 0}
  m_PrefabInternal: {fileID: 100100000}
  serializedVersion: 4
  m_Component:
  - 4: {fileID: 400002}
  m_Layer: 0
  m_Name: Flame
  m_TagString: Untagged
  m_Icon: {fileID: 0}
  m_NavMeshLayer: 0
  m_StaticEditorFlags: 0
  m_IsActive: 1
--- !u!1 &100004
GameObject:
  m_ObjectHideFlags: 0
  m_PrefabParentObject: {fileID: 0}
  m_PrefabInternal: {fileID: 100100000}
  serializedVersion: 4
  m_Component:
  - 4: {fileID: 400004}
  - 114: {fileID: 11400000}
  - 111: {fileID: 11100000}
  - 137: {fileID: 13700000}
  m_Layer: 0
  m_Name: Fire
  m_TagString: Untagged
  m_Icon: {fileID: 0}
  m_NavMeshLayer: 0
  m_StaticEditorFlags: 0
  m_IsActive: 1
--- !u!1 &100006
GameObject:
  m_ObjectHideFlags: 1
  m_PrefabParentObject: {fileID: 0}
  m_PrefabInternal: {fileID: 100100000}
  serializedVersion: 4
  m_Component:
  - 4: {fileID: 400006}
  m_Layer: 0
  m_Name: Root_Sprite
  m_TagString: Untagged
  m_Icon: {fileID: 0}
  m_NavMeshLayer: 0
  m_StaticEditorFlags: 0
  m_IsActive: 1
--- !u!1 &100008
GameObject:
  m_ObjectHideFlags: 0
  m_PrefabParentObject: {fileID: 0}
  m_PrefabInternal: {fileID: 100100000}
  serializedVersion: 4
  m_Component:
  - 4: {fileID: 400008}
  m_Layer: 0
  m_Name: Root
  m_TagString: Untagged
  m_Icon: {fileID: 0}
  m_NavMeshLayer: 0
  m_StaticEditorFlags: 0
  m_IsActive: 1
--- !u!4 &400000
Transform:
  m_ObjectHideFlags: 1
  m_PrefabParentObject: {fileID: 0}
  m_PrefabInternal: {fileID: 100100000}
  m_GameObject: {fileID: 100000}
  m_LocalRotation: {x: 0, y: 0, z: 0, w: 1}
  m_LocalPosition: {x: 0, y: 0, z: 0}
  m_LocalScale: {x: 1, y: 1, z: 1}
  m_Children: []
  m_Father: {fileID: 400002}
--- !u!4 &400002
Transform:
  m_ObjectHideFlags: 1
  m_PrefabParentObject: {fileID: 0}
  m_PrefabInternal: {fileID: 100100000}
  m_GameObject: {fileID: 100002}
  m_LocalRotation: {x: 0, y: 0, z: 0, w: 1}
  m_LocalPosition: {x: 0, y: 0, z: 0}
  m_LocalScale: {x: 1, y: 1, z: 1}
  m_Children:
  - {fileID: 400000}
  m_Father: {fileID: 400008}
--- !u!4 &400004
Transform:
  m_ObjectHideFlags: 1
  m_PrefabParentObject: {fileID: 0}
  m_PrefabInternal: {fileID: 100100000}
  m_GameObject: {fileID: 100004}
  m_LocalRotation: {x: 0, y: 0, z: 0, w: 1}
  m_LocalPosition: {x: 174.280273, y: -231.408203, z: 365.560883}
  m_LocalScale: {x: .75, y: .75, z: 1}
  m_Children:
  - {fileID: 400008}
  m_Father: {fileID: 0}
--- !u!4 &400006
Transform:
  m_ObjectHideFlags: 1
  m_PrefabParentObject: {fileID: 0}
  m_PrefabInternal: {fileID: 100100000}
  m_GameObject: {fileID: 100006}
  m_LocalRotation: {x: 0, y: 0, z: 0, w: 1}
  m_LocalPosition: {x: 0, y: 0, z: 0}
  m_LocalScale: {x: 1, y: 1, z: 1}
  m_Children: []
  m_Father: {fileID: 400008}
--- !u!4 &400008
Transform:
  m_ObjectHideFlags: 1
  m_PrefabParentObject: {fileID: 0}
  m_PrefabInternal: {fileID: 100100000}
  m_GameObject: {fileID: 100008}
  m_LocalRotation: {x: 0, y: 0, z: 0, w: 1}
  m_LocalPosition: {x: 0, y: 0, z: 0}
  m_LocalScale: {x: 1, y: 1, z: 1}
  m_Children:
  - {fileID: 400002}
  - {fileID: 400006}
  m_Father: {fileID: 400004}
--- !u!111 &11100000
Animation:
  m_ObjectHideFlags: 1
  m_PrefabParentObject: {fileID: 0}
  m_PrefabInternal: {fileID: 100100000}
  m_GameObject: {fileID: 100004}
  m_Enabled: 1
  serializedVersion: 3
  m_Animation: {fileID: 7400000, guid: 5abed7f12de1b4b09ad55286c50bf697, type: 2}
  m_Animations:
  - {fileID: 7400000, guid: 5abed7f12de1b4b09ad55286c50bf697, type: 2}
  m_WrapMode: 0
  m_PlayAutomatically: 1
  m_AnimatePhysics: 0
  m_CullingType: 0
  m_UserAABB:
    m_Center: {x: 0, y: 0, z: 0}
    m_Extent: {x: 0, y: 0, z: 0}
--- !u!114 &11400000
MonoBehaviour:
  m_ObjectHideFlags: 1
  m_PrefabParentObject: {fileID: 0}
  m_PrefabInternal: {fileID: 100100000}
  m_GameObject: {fileID: 100004}
  m_Enabled: 1
  m_EditorHideFlags: 0
  m_Script: {fileID: 2146667132, guid: 2a53e83e1a186495ebcacce8848a4057, type: 3}
  m_Name: 
  m_EditorClassIdentifier: 
  mRenderer: {fileID: 13700000}
  mAnimation: {fileID: 11100000}
  mMesh: {fileID: 0}
  mVertices:
  - {x: 0, y: 0, z: 0}
  - {x: 0, y: 0, z: 0}
  - {x: 0, y: 0, z: 0}
  - {x: 0, y: 0, z: 0}
  - {x: -126.628571, y: 195.885712, z: 0}
  - {x: -126.628571, y: -60.1142883, z: 0}
  - {x: 129.371429, y: -60.1142883, z: 0}
  - {x: 129.371429, y: 195.885712, z: 0}
  mUVs:
  - {x: 0, y: 0}
  - {x: 0, y: 0}
  - {x: 0, y: 0}
  - {x: 0, y: 0}
  - {x: 0, y: .703125}
  - {x: 0, y: 0}
  - {x: .703125, y: 0}
  - {x: .703125, y: .703125}
  mColors:
  - {r: 1, g: 1, b: 1, a: 1}
  - {r: 1, g: 1, b: 1, a: 1}
  - {r: 1, g: 1, b: 1, a: 1}
  - {r: 1, g: 1, b: 1, a: 1}
  - {r: 1, g: 1, b: 1, a: 1}
  - {r: 1, g: 1, b: 1, a: 1}
  - {r: 1, g: 1, b: 1, a: 1}
  - {r: 1, g: 1, b: 1, a: 1}
  animationData: {fileID: 0}
  animationDataGUID: 7775ee3cd03d54d5cb47139023f057a2
  mMaterialSource:
  - {fileID: 2100000, guid: 1712e9c351ecc458f8f7ca73c5c3accc, type: 2}
  mBoneSource:
  - boneNodeIndex: 0
    boneDataIndex: 0
    boneName: Root
    boneQuad:
      boneNodeIndex: 0
      vertexIndices: 000000000300000001000000030000000200000001000000
    gameObject: {fileID: 100008}
    boneTransform: {fileID: 400008}
    spriteTransform: {fileID: 400006}
    boneAnimation: {fileID: 11400000}
    boneCollider: {fileID: 0}
    boneColor:
      blendingWeight: 0
      color: {r: 1, g: 1, b: 1, a: 1}
    active: 1
    visible: 0
    materialIndex: -1
    depth: 0
  - boneNodeIndex: 1
    boneDataIndex: 1
    boneName: Flame
    boneQuad:
      boneNodeIndex: 1
      vertexIndices: 040000000700000005000000070000000600000005000000
    gameObject: {fileID: 100002}
    boneTransform: {fileID: 400002}
    spriteTransform: {fileID: 400000}
    boneAnimation: {fileID: 11400000}
    boneCollider: {fileID: 0}
    boneColor:
      blendingWeight: 0
      color: {r: 1, g: 1, b: 1, a: 1}
    active: 1
    visible: 1
    materialIndex: 0
    depth: 0
  mBoneTransforms:
  - {fileID: 400008}
  - {fileID: 400006}
  - {fileID: 400002}
  - {fileID: 400000}
  mMaterials:
  - {fileID: 2100000, guid: 1712e9c351ecc458f8f7ca73c5c3accc, type: 2}
  buildID: 201307051415173195
  mFinalImportScale: 1
  mDefaultAnimationName: Fire_Anim
  mLastBoneColor:
  - blendingWeight: 0
    color: {r: 1, g: 1, b: 1, a: 1}
  - blendingWeight: 0
    color: {r: 1, g: 1, b: 1, a: 1}
  mLastFinalColor:
  - {r: 1, g: 1, b: 1, a: 1}
  - {r: 1, g: 1, b: 1, a: 1}
  mBoneColorAnimations:
  - boneColor: {r: 0, g: 0, b: 0, a: 0}
    blendWeight: 0
  - boneColor: {r: 0, g: 0, b: 0, a: 0}
    blendWeight: 0
  mCurrentTriggerFrameBones:
  - boneNodeIndex: 0
    animationName: 
    animationLayer: -1
  - boneNodeIndex: 1
    animationName: 
    animationLayer: -1
  mBoneTransformPaths:
  - Root
  - Root/Flame
  mSpriteTransformPaths:
  - Root/Root_Sprite
  - Root/Flame/Flame_Sprite
  triggerFrames:
  - clipIndex: 0
    frame: 0
    triggerFrameBones:
    - userTriggerTag: 
      boneNodeIndex: 0
      triggerEventTypes: 0100000006000000
      pivotOffset: {x: 0, y: 0}
      upperLeft: {x: 0, y: 0, z: 0}
      bottomLeft: {x: 0, y: 0, z: 0}
      bottomRight: {x: 0, y: 0, z: 0}
      upperRight: {x: 0, y: 0, z: 0}
      uv:
        serializedVersion: 2
        x: 0
        y: 0
        width: 0
        height: 0
      localPosition: {x: 0, y: 0, z: 0}
      localRotation: 0
      localScale: {x: 0, y: 0}
      atlas: {fileID: 0}
      textureGUID: 
      materialIndex: 0
      depth: 0
      collider:
        type: 0
        center: {x: 0, y: 0, z: 0}
        boxSize: {x: 0, y: 0, z: 0}
        sphereRadius: 0
        useAnimationLayer: 1
        layer: 0
        isTrigger: 1
        tag: 
      originalAtlas: {fileID: 0}
      originalTextureGUID: 
      originalMaterialIndex: 0
      originalUV:
        serializedVersion: 2
        x: 0
        y: 0
        width: 0
        height: 0
      originalPivotOffset: {x: 0, y: 0}
    - userTriggerTag: 
      boneNodeIndex: 1
      triggerEventTypes: 02000000040000000300000006000000
      pivotOffset: {x: -.00535714254, y: -.265178561}
      upperLeft: {x: -126.628571, y: 195.885712, z: 0}
      bottomLeft: {x: -126.628571, y: -60.1142883, z: 0}
      bottomRight: {x: 129.371429, y: -60.1142883, z: 0}
      upperRight: {x: 129.371429, y: 195.885712, z: 0}
      uv:
        serializedVersion: 2
        x: 0
        y: 0
        width: .703125
        height: .703125
      localPosition: {x: 0, y: 0, z: 0}
      localRotation: 0
      localScale: {x: 0, y: 0}
      atlas: {fileID: 11400000, guid: 1de64f86c2af4435bbb48bf4c6937f4d, type: 2}
      textureGUID: ddc2ef82ecf49416297b3a814407cf87
      materialIndex: 0
      depth: 0
      collider:
        type: 0
        center: {x: 0, y: 0, z: 0}
        boxSize: {x: 0, y: 0, z: 0}
        sphereRadius: 0
        useAnimationLayer: 1
        layer: 0
        isTrigger: 1
        tag: 
      originalAtlas: {fileID: 11400000, guid: 1de64f86c2af4435bbb48bf4c6937f4d, type: 2}
      originalTextureGUID: ddc2ef82ecf49416297b3a814407cf87
      originalMaterialIndex: 0
      originalUV:
        serializedVersion: 2
        x: 0
        y: 0
        width: .703125
        height: .703125
      originalPivotOffset: {x: -.00535714254, y: -.265178561}
  - clipIndex: 0
    frame: 1
    triggerFrameBones:
    - userTriggerTag: 
      boneNodeIndex: 1
      triggerEventTypes: 02000000040000000300000006000000
      pivotOffset: {x: -.00535714254, y: -.265178561}
      upperLeft: {x: -126.628571, y: 195.885712, z: 0}
      bottomLeft: {x: -126.628571, y: -60.1142883, z: 0}
      bottomRight: {x: 129.371429, y: -60.1142883, z: 0}
      upperRight: {x: 129.371429, y: 195.885712, z: 0}
      uv:
        serializedVersion: 2
        x: 0
        y: 0
        width: .703125
        height: .703125
      localPosition: {x: 0, y: 0, z: 0}
      localRotation: 0
      localScale: {x: 0, y: 0}
      atlas: {fileID: 11400000, guid: 1de64f86c2af4435bbb48bf4c6937f4d, type: 2}
      textureGUID: ddc2ef82ecf49416297b3a814407cf87
      materialIndex: 0
      depth: 0
      collider:
        type: 0
        center: {x: 0, y: 0, z: 0}
        boxSize: {x: 0, y: 0, z: 0}
        sphereRadius: 0
        useAnimationLayer: 1
        layer: 0
        isTrigger: 1
        tag: 
      originalAtlas: {fileID: 11400000, guid: 1de64f86c2af4435bbb48bf4c6937f4d, type: 2}
      originalTextureGUID: ddc2ef82ecf49416297b3a814407cf87
      originalMaterialIndex: 0
      originalUV:
        serializedVersion: 2
        x: 0
        y: 0
        width: .703125
        height: .703125
      originalPivotOffset: {x: -.00535714254, y: -.265178561}
  - clipIndex: 0
    frame: 2
    triggerFrameBones:
    - userTriggerTag: 
      boneNodeIndex: 1
      triggerEventTypes: 02000000040000000300000006000000
      pivotOffset: {x: -.00535714254, y: -.265178561}
      upperLeft: {x: -126.628571, y: 195.885712, z: 0}
      bottomLeft: {x: -126.628571, y: -60.1142883, z: 0}
      bottomRight: {x: 129.371429, y: -60.1142883, z: 0}
      upperRight: {x: 129.371429, y: 195.885712, z: 0}
      uv:
        serializedVersion: 2
        x: 0
        y: 0
        width: .703125
        height: .703125
      localPosition: {x: 0, y: 0, z: 0}
      localRotation: 0
      localScale: {x: 0, y: 0}
      atlas: {fileID: 11400000, guid: 1de64f86c2af4435bbb48bf4c6937f4d, type: 2}
      textureGUID: ddc2ef82ecf49416297b3a814407cf87
      materialIndex: 0
      depth: 0
      collider:
        type: 0
        center: {x: 0, y: 0, z: 0}
        boxSize: {x: 0, y: 0, z: 0}
        sphereRadius: 0
        useAnimationLayer: 1
        layer: 0
        isTrigger: 1
        tag: 
      originalAtlas: {fileID: 11400000, guid: 1de64f86c2af4435bbb48bf4c6937f4d, type: 2}
      originalTextureGUID: ddc2ef82ecf49416297b3a814407cf87
      originalMaterialIndex: 0
      originalUV:
        serializedVersion: 2
        x: 0
        y: 0
        width: .703125
        height: .703125
      originalPivotOffset: {x: -.00535714254, y: -.265178561}
  - clipIndex: 0
    frame: 3
    triggerFrameBones:
    - userTriggerTag: 
      boneNodeIndex: 1
      triggerEventTypes: 02000000040000000300000006000000
      pivotOffset: {x: -.00535714254, y: -.265178561}
      upperLeft: {x: -126.628571, y: 195.885712, z: 0}
      bottomLeft: {x: -126.628571, y: -60.1142883, z: 0}
      bottomRight: {x: 129.371429, y: -60.1142883, z: 0}
      upperRight: {x: 129.371429, y: 195.885712, z: 0}
      uv:
        serializedVersion: 2
        x: 0
        y: 0
        width: .703125
        height: .703125
      localPosition: {x: 0, y: 0, z: 0}
      localRotation: 0
      localScale: {x: 0, y: 0}
      atlas: {fileID: 11400000, guid: 1de64f86c2af4435bbb48bf4c6937f4d, type: 2}
      textureGUID: ddc2ef82ecf49416297b3a814407cf87
      materialIndex: 0
      depth: 0
      collider:
        type: 0
        center: {x: 0, y: 0, z: 0}
        boxSize: {x: 0, y: 0, z: 0}
        sphereRadius: 0
        useAnimationLayer: 1
        layer: 0
        isTrigger: 1
        tag: 
      originalAtlas: {fileID: 11400000, guid: 1de64f86c2af4435bbb48bf4c6937f4d, type: 2}
      originalTextureGUID: ddc2ef82ecf49416297b3a814407cf87
      originalMaterialIndex: 0
      originalUV:
        serializedVersion: 2
        x: 0
        y: 0
        width: .703125
        height: .703125
      originalPivotOffset: {x: -.00535714254, y: -.265178561}
  textureAtlases:
  - {fileID: 11400000, guid: 1de64f86c2af4435bbb48bf4c6937f4d, type: 2}
  mAnimationClips:
  - animationName: Fire_Anim
    fps: 5
    wrapMode: 2
    mix: 0
    blendMode: 0
    layer: 0
    blendWeight: 1
    bones:
    - boneDataIndex: 0
      mixTransform: 0
      animatesColor: 0
      colorRCurveSerialized:
        keyframes: []
      colorGCurveSerialized:
        keyframes: []
      colorBCurveSerialized:
        keyframes: []
      colorACurveSerialized:
        keyframes: []
      colorBlendWeightCurveSerialized:
        keyframes: []
    - boneDataIndex: 1
      mixTransform: 0
      animatesColor: 0
      colorRCurveSerialized:
        keyframes:
        - time: 0
          value: 1
          inTangent: 0
          outTangent: 0
        - time: 1
          value: 1
          inTangent: 0
          outTangent: 0
        - time: 2
          value: 1
          inTangent: 0
          outTangent: 0
        - time: 3
          value: 1
          inTangent: 0
          outTangent: 0
      colorGCurveSerialized:
        keyframes:
        - time: 0
          value: 1
          inTangent: 0
          outTangent: 0
        - time: 1
          value: 1
          inTangent: 0
          outTangent: 0
        - time: 2
          value: 1
          inTangent: 0
          outTangent: 0
        - time: 3
          value: 1
          inTangent: 0
          outTangent: 0
      colorBCurveSerialized:
        keyframes:
        - time: 0
          value: 1
          inTangent: 0
          outTangent: 0
        - time: 1
          value: 1
          inTangent: 0
          outTangent: 0
        - time: 2
          value: 1
          inTangent: 0
          outTangent: 0
        - time: 3
          value: 1
          inTangent: 0
          outTangent: 0
      colorACurveSerialized:
        keyframes:
        - time: 0
          value: 1
          inTangent: 0
          outTangent: 0
        - time: 1
          value: 1
          inTangent: 0
          outTangent: 0
        - time: 2
          value: 1
          inTangent: 0
          outTangent: 0
        - time: 3
          value: 1
          inTangent: 0
          outTangent: 0
      colorBlendWeightCurveSerialized:
        keyframes:
        - time: 0
          value: 0
          inTangent: 0
          outTangent: 0
        - time: 1
          value: 0
          inTangent: 0
          outTangent: 0
        - time: 2
          value: 0
          inTangent: 0
          outTangent: 0
        - time: 3
          value: 0
          inTangent: 0
          outTangent: 0
  mAnimationStates: []
  mLocalTransform: {fileID: 400004}
  mMeshColor: {r: 1, g: 1, b: 1, a: 1}
  updateColors: 0
--- !u!137 &13700000
SkinnedMeshRenderer:
  m_ObjectHideFlags: 1
  m_PrefabParentObject: {fileID: 0}
  m_PrefabInternal: {fileID: 100100000}
  m_GameObject: {fileID: 100004}
  m_Enabled: 1
  m_CastShadows: 0
  m_ReceiveShadows: 0
  m_LightmapIndex: 255
  m_LightmapTilingOffset: {x: 1, y: 1, z: 0, w: 0}
  m_Materials:
  - {fileID: 2100000, guid: 1712e9c351ecc458f8f7ca73c5c3accc, type: 2}
  m_SubsetIndices: 
  m_StaticBatchRoot: {fileID: 0}
  m_UseLightProbes: 0
  m_LightProbeAnchor: {fileID: 0}
  m_ScaleInLightmap: 1
  serializedVersion: 2
  m_Quality: 1
  m_UpdateWhenOffscreen: 0
  m_Mesh: {fileID: 0}
  m_Bones:
  - {fileID: 400008}
  - {fileID: 400006}
  - {fileID: 400002}
  - {fileID: 400000}
  m_RootBone: {fileID: 0}
  m_AABB:
    m_Center: {x: 0, y: 0, z: 0}
    m_Extent: {x: 0, y: 0, z: 0}
  m_DirtyAABB: 1
--- !u!1001 &100100000
Prefab:
  m_ObjectHideFlags: 1
  serializedVersion: 2
  m_Modification:
    m_TransformParent: {fileID: 0}
    m_Modifications: []
    m_RemovedComponents: []
  m_ParentPrefab: {fileID: 0}
  m_RootGameObject: {fileID: 100004}
  m_IsPrefabParent: 1
  m_IsExploded: 1
